%YAML 1.1
%TAG !u! tag:unity3d.com,2011:
--- !u!1 &2658592545725512894
GameObject:
  m_ObjectHideFlags: 0
  m_CorrespondingSourceObject: {fileID: 0}
  m_PrefabInstance: {fileID: 0}
  m_PrefabAsset: {fileID: 0}
  serializedVersion: 6
  m_Component:
  - component: {fileID: 2658592545725512893}
  - component: {fileID: 2658592545725512890}
  - component: {fileID: 2658592545725512892}
  - component: {fileID: 2658592545725512891}
  - component: {fileID: 2658592545725512871}
  - component: {fileID: 2658592545725512889}
  - component: {fileID: 2658592545725512888}
  m_Layer: 0
  m_Name: Player
  m_TagString: Player
  m_Icon: {fileID: 0}
  m_NavMeshLayer: 0
  m_StaticEditorFlags: 0
  m_IsActive: 1
--- !u!4 &2658592545725512893
Transform:
  m_ObjectHideFlags: 0
  m_CorrespondingSourceObject: {fileID: 0}
  m_PrefabInstance: {fileID: 0}
  m_PrefabAsset: {fileID: 0}
  m_GameObject: {fileID: 2658592545725512894}
  m_LocalRotation: {x: 0, y: 0, z: 0, w: 1}
  m_LocalPosition: {x: -2.9, y: -3.22, z: 0}
  m_LocalScale: {x: 0.5066201, y: 0.3266861, z: 0.451848}
  m_Children: []
  m_Father: {fileID: 0}
  m_RootOrder: 0
  m_LocalEulerAnglesHint: {x: 0, y: 0, z: 0}
--- !u!212 &2658592545725512890
SpriteRenderer:
  m_ObjectHideFlags: 0
  m_CorrespondingSourceObject: {fileID: 0}
  m_PrefabInstance: {fileID: 0}
  m_PrefabAsset: {fileID: 0}
  m_GameObject: {fileID: 2658592545725512894}
  m_Enabled: 1
  m_CastShadows: 0
  m_ReceiveShadows: 0
  m_DynamicOccludee: 1
  m_MotionVectors: 1
  m_LightProbeUsage: 1
  m_ReflectionProbeUsage: 1
  m_RayTracingMode: 0
  m_RenderingLayerMask: 1
  m_RendererPriority: 0
  m_Materials:
  - {fileID: 10754, guid: 0000000000000000f000000000000000, type: 0}
  m_StaticBatchInfo:
    firstSubMesh: 0
    subMeshCount: 0
  m_StaticBatchRoot: {fileID: 0}
  m_ProbeAnchor: {fileID: 0}
  m_LightProbeVolumeOverride: {fileID: 0}
  m_ScaleInLightmap: 1
  m_ReceiveGI: 1
  m_PreserveUVs: 0
  m_IgnoreNormalsForChartDetection: 0
  m_ImportantGI: 0
  m_StitchLightmapSeams: 1
  m_SelectedEditorRenderState: 0
  m_MinimumChartSize: 4
  m_AutoUVMaxDistance: 0.5
  m_AutoUVMaxAngle: 89
  m_LightmapParameters: {fileID: 0}
  m_SortingLayerID: 0
  m_SortingLayer: 0
  m_SortingOrder: 1
  m_Sprite: {fileID: 21300000, guid: 3031d07ab6a4fe84f8f2d444a19d8a0e, type: 3}
  m_Color: {r: 1, g: 1, b: 1, a: 1}
  m_FlipX: 1
  m_FlipY: 0
  m_DrawMode: 0
  m_Size: {x: 2.79, y: 0.73}
  m_AdaptiveModeThreshold: 0.5
  m_SpriteTileMode: 0
  m_WasSpriteAssigned: 1
  m_MaskInteraction: 0
  m_SpriteSortPoint: 0
--- !u!50 &2658592545725512892
Rigidbody2D:
  serializedVersion: 4
  m_ObjectHideFlags: 0
  m_CorrespondingSourceObject: {fileID: 0}
  m_PrefabInstance: {fileID: 0}
  m_PrefabAsset: {fileID: 0}
  m_GameObject: {fileID: 2658592545725512894}
  m_BodyType: 0
  m_Simulated: 1
  m_UseFullKinematicContacts: 0
  m_UseAutoMass: 0
  m_Mass: 1
  m_LinearDrag: 0
  m_AngularDrag: 0
  m_GravityScale: 0
  m_Material: {fileID: 0}
  m_Interpolate: 0
  m_SleepingMode: 1
  m_CollisionDetection: 0
  m_Constraints: 4
--- !u!61 &2658592545725512891
BoxCollider2D:
  m_ObjectHideFlags: 0
  m_CorrespondingSourceObject: {fileID: 0}
  m_PrefabInstance: {fileID: 0}
  m_PrefabAsset: {fileID: 0}
  m_GameObject: {fileID: 2658592545725512894}
  m_Enabled: 1
  m_Density: 1
  m_Material: {fileID: 0}
  m_IsTrigger: 0
  m_UsedByEffector: 0
  m_UsedByComposite: 0
  m_Offset: {x: 0, y: 0}
  m_SpriteTilingProperty:
    border: {x: 0, y: 0, z: 0, w: 0}
    pivot: {x: 0.5, y: 0.5}
    oldSize: {x: 2.79, y: 0.73}
    newSize: {x: 2.79, y: 0.73}
    adaptiveTilingThreshold: 0.5
    drawMode: 0
    adaptiveTiling: 0
  m_AutoTiling: 0
  serializedVersion: 2
  m_Size: {x: 2.79, y: 0.73}
  m_EdgeRadius: 0
--- !u!114 &2658592545725512871
MonoBehaviour:
  m_ObjectHideFlags: 0
  m_CorrespondingSourceObject: {fileID: 0}
  m_PrefabInstance: {fileID: 0}
  m_PrefabAsset: {fileID: 0}
  m_GameObject: {fileID: 2658592545725512894}
  m_Enabled: 1
  m_EditorHideFlags: 0
  m_Script: {fileID: -1355464049, guid: 6a67afbfe15ab9c4696e982c25d07a84, type: 3}
  m_Name: 
  m_EditorClassIdentifier: 
  type: 0
  dynamicallySpawned: 1
  fixedNetworkObjectID: 1
  showVisibleGizmo: 1
  Filterable: 0
  SendRealtimeData: 1
  visibleSize: 1
--- !u!114 &2658592545725512889
MonoBehaviour:
  m_ObjectHideFlags: 0
  m_CorrespondingSourceObject: {fileID: 0}
  m_PrefabInstance: {fileID: 0}
  m_PrefabAsset: {fileID: 0}
  m_GameObject: {fileID: 2658592545725512894}
  m_Enabled: 1
  m_EditorHideFlags: 0
  m_Script: {fileID: -1480947390, guid: 6a67afbfe15ab9c4696e982c25d07a84, type: 3}
  m_Name: 
  m_EditorClassIdentifier: 
  syncedGenerics:
  - syncTarget: {fileID: 2658592545725512871}
    enabled: 1
    foldout: 1
    bandwidth: 3
    padding: 6
    editorName: Move
    uncompressedSyncFields:
    - enabled: 1
      min: -300
      max: 300
      resolution: 3
      valueType: 5
      minInt: -300
      maxInt: 300
      fieldInfoName: fixedNetworkObjectID
      isProperty: 0
    syncFields:
    - enabled: 1
      min: -300
      max: 300
      resolution: 3
      valueType: 2
      minInt: -300
      maxInt: 300
      fieldInfoName: Filterable
      isProperty: 0
    - enabled: 1
      min: -300
      max: 300
      resolution: 3
      valueType: 2
      minInt: -300
      maxInt: 300
      fieldInfoName: SendRealtimeData
      isProperty: 0
    syncVector2Fields: []
    syncVector3Fields: []
    syncQuaternionFields: []
    syncVector4Fields: []
  syncedTransform:
    interpolate: 20
    smoothLevel: 2
    snapDistance: 2
    readFunction: 0
    bandwidth: 2
    padding: 7
    pos_x_setting:
      enabled: 1
      min: -2
      max: 2
      resolution: 3
      valueType: 0
      minInt: -300
      maxInt: 300
    pos_y_setting:
      enabled: 0
      min: -300
      max: 300
      resolution: 3
      valueType: 0
      minInt: -300
      maxInt: 300
    pos_z_setting:
      enabled: 0
      min: -300
      max: 300
      resolution: 3
      valueType: 0
      minInt: -300
      maxInt: 300
    rot_x_setting:
      enabled: 0
      min: -300
      max: 300
      resolution: 3
      valueType: 0
      minInt: -300
      maxInt: 300
    rot_y_setting:
      enabled: 0
      min: -300
      max: 300
      resolution: 3
      valueType: 0
      minInt: -300
      maxInt: 300
    rot_z_setting:
      enabled: 0
      min: -300
      max: 300
      resolution: 3
      valueType: 0
      minInt: -300
      maxInt: 300
    scale_x_setting:
      enabled: 0
      min: -300
      max: 300
      resolution: 3
      valueType: 0
      minInt: -300
      maxInt: 300
    scale_y_setting:
      enabled: 0
      min: -300
      max: 300
      resolution: 3
      valueType: 0
      minInt: -300
      maxInt: 300
    scale_z_setting:
      enabled: 0
      min: -300
      max: 300
      resolution: 3
      valueType: 0
      minInt: -300
      maxInt: 300
    externalFreeze: 0.2
  syncedAnimator:
    animator: {fileID: 0}
    syncParameters: []
    bandwidth: 0
    padding: 0
  syncTransFormEnabled: 1
  syncAnimatorEnabled: 0
  syncTransFormFoldout: 1
  syncAnimatorFoldout: 0
  restoreState: 1
--- !u!114 &2658592545725512888
MonoBehaviour:
  m_ObjectHideFlags: 0
  m_CorrespondingSourceObject: {fileID: 0}
  m_PrefabInstance: {fileID: 0}
  m_PrefabAsset: {fileID: 0}
  m_GameObject: {fileID: 2658592545725512894}
  m_Enabled: 1
  m_EditorHideFlags: 0
  m_Script: {fileID: 11500000, guid: cf4b6a43dc3479345aa22ce84d2a03df, type: 3}
  m_Name: 
  m_EditorClassIdentifier: 
  player: {fileID: 21300000, guid: 3031d07ab6a4fe84f8f2d444a19d8a0e, type: 3}
